% Encoding: UTF-8


@Article{An2008,
  Title                    = {Stepwise searching for feature variables in high-dimensional linear regression},
  Author                   = {An, Hongzhi and Huang, Da and Yao, Qiwei and Zhang, Cun-Hui},
  Year                     = {2008},

  Publisher                = {The London School of Economics and Political Science}
}

@Book{Buehlmann2011,
  Title                    = {Statistics for high-dimensional data: methods, theory and applications},
  Author                   = {B{\"u}hlmann, Peter and Van De Geer, Sara},
  Publisher                = {Springer Science \& Business Media},
  Year                     = {2011}
}

@Article{Baraud2009,
  Title                    = {Gaussian model selection with an unknown variance},
  Author                   = {Baraud, Yannick and Giraud, Christophe and Huet, Sylvie},
  Journal                  = {The Annals of Statistics},
  Year                     = {2009},
  Pages                    = {630--672},

  Owner                    = {Sen},
  Publisher                = {JSTOR},
  Timestamp                = {2015.10.11}
}

@Article{Barron2008,
  Title                    = {Approximation and learning by greedy algorithms},
  Author                   = {Barron, Andrew R and Cohen, Albert and Dahmen, Wolfgang and DeVore, Ronald A},
  Journal                  = {The annals of statistics},
  Year                     = {2008},
  Pages                    = {64--94},

  Publisher                = {JSTOR}
}

@Article{Bertsimas2016,
  author    = {Bertsimas, Dimitris and King, Angela and Mazumder, Rahul},
  title     = {Best subset selection via a modern optimization lens},
  journal   = {The Annals of Statistics},
  year      = {2016},
  volume    = {44},
  number    = {2},
  pages     = {813--852},
  publisher = {Institute of Mathematical Statistics},
}

@Article{Cai2011,
  Title                    = {Orthogonal matching pursuit for sparse signal recovery with noise},
  Author                   = {Cai, T Tony and Wang, Lie},
  Journal                  = {IEEE Transactions on Information theory},
  Year                     = {2011},
  Number                   = {7},
  Pages                    = {4680--4688},
  Volume                   = {57},

  Publisher                = {IEEE}
}

@Article{Davis1994,
  Title                    = {Adaptive time-frequency decompositions with matching pursuit},
  Author                   = {Davis, Geoff and Mallat, St{\'e}phane and Zhang, Zhifeng},
  Journal                  = {Optical Engineering},
  Year                     = {1994},
  Number                   = {7},
  Volume                   = {33}
}

@Book{Draper1966,
  Title                    = {Applied regression analysis},
  Author                   = {Draper, Norman R and Smith, Harry},
  Publisher                = {John Wiley \& Sons},
  Year                     = {1966}
}

@Article{Efron1986,
  author    = {Efron, Bradley},
  title     = {How biased is the apparent error rate of a prediction rule?},
  journal   = {Journal of the American Statistical Association},
  year      = {1986},
  volume    = {81},
  number    = {394},
  pages     = {461--470},
  publisher = {Taylor \& Francis},
}

@Article{efroymson1960multiple,
  author    = {Efroymson, MA},
  title     = {Multiple regression analysis. {In A. Ralston and H. S. Wilf, Eds.}},
  journal   = {Mathematical Methods for Digital Computers},
  year      = {1960},
  pages     = {191--203},
  publisher = {John Wiley, New York},
}

@Article{fan2001variable,
  Title                    = {Variable selection via nonconcave penalized likelihood and its oracle properties},
  Author                   = {Fan, Jianqing and Li, Runze},
  Journal                  = {Journal of the American statistical Association},
  Year                     = {2001},
  Number                   = {456},
  Pages                    = {1348--1360},
  Volume                   = {96},

  Publisher                = {Taylor \& Francis}
}

@Article{flynn2014sensitivity,
  Title                    = {On the Sensitivity of the Lasso to the Number of Predictor Variables},
  Author                   = {Flynn, Cheryl J and Hurvich, Clifford M and Simonoff, Jeffrey S},
  Journal                  = {arXiv preprint arXiv:1403.4544},
  Year                     = {2014}
}

@Article{Flynn2013,
  Title                    = {Efficiency for regularization parameter selection in penalized likelihood estimation of misspecified models},
  Author                   = {Flynn, Cheryl J and Hurvich, Clifford M and Simonoff, Jeffrey S},
  Journal                  = {Journal of the American Statistical Association},
  Year                     = {2013},
  Number                   = {503},
  Pages                    = {1031--1043},
  Volume                   = {108},

  Owner                    = {Sen},
  Publisher                = {Taylor \& Francis Group},
  Timestamp                = {2015.10.11}
}

@Article{Flynn2017,
  author    = {Flynn, Cheryl J and Hurvich, Clifford M and Simonoff, Jeffrey S},
  title     = {On the Sensitivity of the Lasso to the Number of Predictor Variables},
  journal   = {Statistical Science},
  year      = {2017},
  volume    = {32},
  number    = {1},
  pages     = {88--105},
  publisher = {Institute of Mathematical Statistics},
}

@Article{Foster1994,
  Title                    = {The risk inflation criterion for multiple regression},
  Author                   = {Foster, Dean P and George, Edward I},
  Journal                  = {The Annals of Statistics},
  Year                     = {1994},
  Pages                    = {1947--1975},

  Publisher                = {JSTOR}
}

@Article{Friedman2010,
  author    = {Friedman, Jerome and Hastie, Trevor and Tibshirani, Rob},
  title     = {Regularization paths for generalized linear models via coordinate descent},
  journal   = {Journal of Statistical Software},
  year      = {2010},
  volume    = {33},
  number    = {1},
  pages     = {1},
  owner     = {Sen},
  publisher = {NIH Public Access},
  timestamp = {2016.03.06},
}

@Article{Furnival1974,
  Title                    = {Regressions by leaps and bounds},
  Author                   = {Furnival, George M and Wilson, Robert W},
  Journal                  = {Technometrics},
  Year                     = {1974},
  Number                   = {4},
  Pages                    = {499--511},
  Volume                   = {16},

  Owner                    = {Sen},
  Publisher                = {Taylor \& Francis},
  Timestamp                = {2015.10.11}
}

@Article{Gatu2006,
  Title                    = {Branch-and-bound algorithms for computing the best-subset regression models},
  Author                   = {Gatu, Cristian and Kontoghiorghes, Erricos John},
  Journal                  = {Journal of Computational and Graphical Statistics},
  Year                     = {2006},
  Number                   = {1},
  Pages                    = {139--156},
  Volume                   = {15},

  Publisher                = {Taylor \& Francis}
}

@Article{Giraud2012,
  author    = {Giraud, Christophe and Huet, Sylvie and Verzelen, Nicolas},
  title     = {High-dimensional regression with unknown variance},
  journal   = {Statistical Science},
  year      = {2012},
  volume    = {27},
  number    = {4},
  pages     = {500--518},
  owner     = {Sen},
  publisher = {Institute of Mathematical Statistics},
  timestamp = {2015.10.11},
}

@Article{Hand1981,
  Title                    = {Branch and bound in statistical data analysis},
  Author                   = {Hand, DJ},
  Journal                  = {The Statistician},
  Year                     = {1981},
  Pages                    = {1--13},

  Owner                    = {Sen},
  Publisher                = {JSTOR},
  Timestamp                = {2015.10.11}
}

@Article{Hastie2005,
  Title                    = {The elements of statistical learning: data mining, inference and prediction},
  Author                   = {Hastie, Trevor and Tibshirani, Robert and Friedman, Jerome and Franklin, James},
  Journal                  = {The Mathematical Intelligencer},
  Year                     = {2005},
  Number                   = {2},
  Pages                    = {83--85},
  Volume                   = {27},

  Owner                    = {Sen},
  Publisher                = {Springer},
  Timestamp                = {2015.10.18}
}

@Article{Hastie2017,
  Title                    = {Extended Comparisons of Best Subset Selection, Forward Stepwise Selection, and the Lasso},
  Author                   = {Hastie, Trevor and Tibshirani, Robert and Tibshirani, Ryan J},
  Journal                  = {arXiv preprint arXiv:1707.08692},
  Year                     = {2017}
}

@Book{Hastie1990,
  Title                    = {Generalized additive models},
  Author                   = {Hastie, Trevor J and Tibshirani, Robert J},
  Publisher                = {CRC Press},
  Year                     = {1990},
  Volume                   = {43}
}

@Article{Hocking1967,
  Title                    = {Selection of the best subset in regression analysis},
  Author                   = {Hocking, RR and Leslie, RN},
  Journal                  = {Technometrics},
  Year                     = {1967},
  Number                   = {4},
  Pages                    = {531--540},
  Volume                   = {9},

  Publisher                = {Taylor \& Francis}
}

@Article{Hofmann2007,
  Title                    = {Efficient algorithms for computing the best subset regression models for large-scale problems},
  Author                   = {Hofmann, Marc and Gatu, Cristian and Kontoghiorghes, Erricos John},
  Journal                  = {Computational Statistics \& Data Analysis},
  Year                     = {2007},
  Number                   = {1},
  Pages                    = {16--29},
  Volume                   = {52},

  Publisher                = {Elsevier}
}

@Article{Hurvich1989,
  author    = {Hurvich, Clifford M and Tsai, Chih-Ling},
  title     = {Regression and time series model selection in small samples},
  journal   = {Biometrika},
  year      = {1989},
  volume    = {76},
  number    = {2},
  pages     = {297--307},
  publisher = {Oxford University Press},
}

@Article{janson2015effective,
  Title                    = {Effective degrees of freedom: a flawed metaphor},
  Author                   = {Janson, Lucas and Fithian, William and Hastie, Trevor J},
  Journal                  = {Biometrika},
  Year                     = {2015},
  Number                   = {2},
  Pages                    = {479--485},
  Volume                   = {102},

  Publisher                = {Oxford University Press}
}

@Article{Leng2006,
  author    = {Leng, Chenlei and Lin, Yi and Wahba, Grace},
  title     = {A note on the lasso and related procedures in model selection},
  journal   = {Statistica Sinica},
  year      = {2006},
  pages     = {1273--1284},
  publisher = {JSTOR},
}

@Article{Mantel1970,
  Title                    = {Why stepdown procedures in variable selection},
  Author                   = {Mantel, Nathan},
  Journal                  = {Technometrics},
  Year                     = {1970},
  Number                   = {3},
  Pages                    = {621--625},
  Volume                   = {12},

  Publisher                = {Taylor \& Francis}
}

@Article{Mao2004,
  Title                    = {Orthogonal forward selection and backward elimination algorithms for feature subset selection},
  Author                   = {Mao, Kezhi Z},
  Journal                  = {IEEE Transactions on Systems, Man, and Cybernetics, Part B (Cybernetics)},
  Year                     = {2004},
  Number                   = {1},
  Pages                    = {629--634},
  Volume                   = {34},

  Publisher                = {IEEE}
}

@Article{Mazumder2011,
  Title                    = {Sparsenet: Coordinate descent with nonconvex penalties},
  Author                   = {Mazumder, Rahul and Friedman, Jerome H and Hastie, Trevor},
  Journal                  = {Journal of the American Statistical Association},
  Year                     = {2011},
  Number                   = {495},
  Pages                    = {1125--1138},
  Volume                   = {106},

  Publisher                = {Taylor \& Francis}
}

@Article{Meinshausen2007,
  Title                    = {Relaxed lasso},
  Author                   = {Meinshausen, Nicolai},
  Journal                  = {Computational Statistics \& Data Analysis},
  Year                     = {2007},
  Number                   = {1},
  Pages                    = {374--393},
  Volume                   = {52},

  Publisher                = {Elsevier}
}

@Book{Miller2002,
  Title                    = {Subset selection in regression},
  Author                   = {Miller, Alan},
  Publisher                = {CRC Press},
  Year                     = {2002}
}

@Article{Natarajan1995,
  author    = {Natarajan, Balas Kausik},
  title     = {Sparse approximate solutions to linear systems},
  journal   = {SIAM Journal on Computing},
  year      = {1995},
  volume    = {24},
  number    = {2},
  pages     = {227--234},
  publisher = {SIAM},
}

@Article{Radchenko2011,
  author    = {Radchenko, Peter and James, Gareth M},
  title     = {Improved variable selection with forward-lasso adaptive shrinkage},
  journal   = {The Annals of Applied Statistics},
  year      = {2011},
  volume    = {5},
  number    = {1},
  pages     = {427--448},
  publisher = {Institute of Mathematical Statistics},
}

@Article{Shao1997,
  Title                    = {An asymptotic theory for linear model selection},
  Author                   = {Shao, Jun},
  Journal                  = {Statistica Sinica},
  Year                     = {1997},
  Pages                    = {221--242},

  Publisher                = {JSTOR}
}

@Article{Shen2013,
  Title                    = {On constrained and regularized high-dimensional regression},
  Author                   = {Shen, Xiaotong and Pan, Wei and Zhu, Yunzhang and Zhou, Hui},
  Journal                  = {Annals of the Institute of Statistical Mathematics},
  Year                     = {2013},
  Number                   = {5},
  Pages                    = {807--832},
  Volume                   = {65},

  Publisher                = {Springer}
}

@Article{Tibshirani1996,
  author    = {Tibshirani, Robert},
  title     = {Regression shrinkage and selection via the lasso},
  journal   = {Journal of the Royal Statistical Society. Series B (Methodological)},
  year      = {1996},
  volume    = {58},
  number    = {1},
  pages     = {267--288},
  publisher = {JSTOR},
}

@Article{Tropp2004,
  Title                    = {Greed is good: Algorithmic results for sparse approximation},
  Author                   = {Tropp, Joel A},
  Journal                  = {IEEE Transactions on Information theory},
  Year                     = {2004},
  Number                   = {10},
  Pages                    = {2231--2242},
  Volume                   = {50},

  Publisher                = {IEEE}
}

@Article{VanDeGeer2009,
  author    = {Van De Geer, Sara A and B{\"u}hlmann, Peter},
  title     = {On the conditions used to prove oracle results for the Lasso},
  journal   = {Electronic Journal of Statistics},
  year      = {2009},
  volume    = {3},
  pages     = {1360--1392},
  publisher = {The Institute of Mathematical Statistics and the Bernoulli Society},
}

@Article{Wang2009,
  Title                    = {Forward regression for ultra-high dimensional variable screening},
  Author                   = {Wang, Hansheng},
  Journal                  = {Journal of the American Statistical Association},
  Year                     = {2009},
  Number                   = {488},
  Pages                    = {1512--1524},
  Volume                   = {104},

  Publisher                = {Taylor \& Francis}
}

@Article{Wang2007,
  author    = {Wang, Hansheng and Li, Guodong and Tsai, Chih-Ling},
  title     = {Regression coefficient and autoregressive order shrinkage and selection via the lasso},
  journal   = {Journal of the Royal Statistical Society: Series B (Statistical Methodology)},
  year      = {2007},
  volume    = {69},
  number    = {1},
  pages     = {63--78},
  publisher = {Wiley Online Library},
}

@Article{Xiong2013,
  Title                    = {Better subset regression},
  Author                   = {Xiong, Shifeng},
  Journal                  = {Biometrika},
  Year                     = {2013},
  Pages                    = {ast041},

  Publisher                = {Biometrika Trust}
}

@Article{Ye1998,
  Title                    = {On measuring and correcting the effects of data mining and model selection},
  Author                   = {Ye, Jianming},
  Journal                  = {Journal of the American Statistical Association},
  Year                     = {1998},
  Number                   = {441},
  Pages                    = {120--131},
  Volume                   = {93},

  Publisher                = {Taylor \& Francis}
}

@Article{Zhang2010,
  author    = {Zhang, Cun-Hui},
  title     = {Nearly unbiased variable selection under minimax concave penalty},
  journal   = {The Annals of Statistics},
  year      = {2010},
  volume    = {38},
  number    = {2},
  pages     = {894--942},
  publisher = {Institute of Mathematical Statistics},
}

@Article{Zhang2012,
  Title                    = {A general theory of concave regularization for high-dimensional sparse estimation problems},
  Author                   = {Zhang, Cun-Hui and Zhang, Tong},
  Journal                  = {Statistical Science},
  Year                     = {2012},
  Pages                    = {576--593},

  Publisher                = {JSTOR}
}

@Article{Zhang2009,
  Title                    = {On the consistency of feature selection using greedy least squares regression},
  Author                   = {Zhang, Tong},
  Journal                  = {Journal of Machine Learning Research},
  Year                     = {2009},
  Number                   = {Mar},
  Pages                    = {555--568},
  Volume                   = {10}
}

@InProceedings{Zhang2014,
  Title                    = {Lower bounds on the performance of polynomial-time algorithms for sparse linear regression.},
  Author                   = {Zhang, Yuchen and Wainwright, Martin J and Jordan, Michael I},
  Booktitle                = {COLT},
  Year                     = {2014},
  Pages                    = {921--948}
}

@Article{Zou2007,
  author    = {Zou, Hui and Hastie, Trevor and Tibshirani, Robert},
  title     = {On the "degrees of freedom" of the lasso},
  journal   = {The Annals of Statistics},
  year      = {2007},
  volume    = {35},
  number    = {5},
  pages     = {2173--2192},
  publisher = {Institute of Mathematical Statistics},
}

@Article{Taddy2017,
  author    = {Taddy, Matt},
  title     = {One-step estimator paths for concave regularization},
  journal   = {Journal of Computational and Graphical Statistics},
  year      = {2017},
  volume    = {26},
  number    = {3},
  pages     = {525--536},
  publisher = {Taylor \& Francis},
}

@Article{Arlot2010,
  author    = {Arlot, Sylvain and Celisse, Alain},
  title     = {A survey of cross-validation procedures for model selection},
  journal   = {Statistics surveys},
  year      = {2010},
  volume    = {4},
  pages     = {40--79},
  publisher = {The author, under a Creative Commons Attribution License},
}

@Article{Krstajic2014,
  author    = {Krstajic, Damjan and Buturovic, Ljubomir J and Leahy, David E and Thomas, Simon},
  title     = {Cross-validation pitfalls when selecting and assessing regression and classification models},
  journal   = {Journal of cheminformatics},
  year      = {2014},
  volume    = {6},
  number    = {1},
  pages     = {10},
  publisher = {Springer},
}

@Article{Allen1974,
  author    = {Allen, David M},
  title     = {The relationship between variable selection and data agumentation and a method for prediction},
  journal   = {Technometrics},
  year      = {1974},
  volume    = {16},
  number    = {1},
  pages     = {125--127},
  publisher = {Taylor \& Francis Group},
}

@Article{Stone1974,
  author    = {Stone, Mervyn},
  title     = {Cross-validatory choice and assessment of statistical predictions},
  journal   = {Journal of the royal statistical society. Series B (Methodological)},
  year      = {1974},
  pages     = {111--147},
  publisher = {JSTOR},
}

@Article{Geisser1975,
  author    = {Geisser, Seymour},
  title     = {The predictive sample reuse method with applications},
  journal   = {Journal of the American statistical Association},
  year      = {1975},
  volume    = {70},
  number    = {350},
  pages     = {320--328},
  publisher = {Taylor \& Francis Group},
}

@Article{zhang2015cross,
  author    = {Zhang, Yongli and Yang, Yuhong},
  title     = {Cross-validation for selecting a model selection procedure},
  journal   = {Journal of Econometrics},
  year      = {2015},
  volume    = {187},
  number    = {1},
  pages     = {95--112},
  publisher = {Elsevier},
}

@Article{arlot2010survey,
  author    = {Arlot, Sylvain and Celisse, Alain},
  title     = {A survey of cross-validation procedures for model selection},
  journal   = {Statistics surveys},
  year      = {2010},
  volume    = {4},
  pages     = {40--79},
  publisher = {The author, under a Creative Commons Attribution License},
}

@Article{craven1978smoothing,
  author    = {Craven, Peter and Wahba, Grace},
  title     = {Smoothing noisy data with spline functions},
  journal   = {Numerische mathematik},
  year      = {1978},
  volume    = {31},
  number    = {4},
  pages     = {377--403},
  publisher = {Springer},
}

@Article{mallows1973some,
  author    = {Mallows, Colin L},
  title     = {Some comments on {Cp}},
  journal   = {Technometrics},
  year      = {1973},
  volume    = {15},
  number    = {4},
  pages     = {661--675},
  publisher = {Taylor \& Francis Group},
}

@Article{tibshirani1999covariance,
  author    = {Tibshirani, Robert and Knight, Keith},
  title     = {The covariance inflation criterion for adaptive model selection},
  journal   = {Journal of the Royal Statistical Society: Series B (Statistical Methodology)},
  year      = {1999},
  volume    = {61},
  number    = {3},
  pages     = {529--546},
  publisher = {Wiley Online Library},
}

@Article{Efron2004,
  author    = {Efron, Bradley},
  title     = {The estimation of prediction error: covariance penalties and cross-validation},
  journal   = {Journal of the American Statistical Association},
  year      = {2004},
  volume    = {99},
  number    = {467},
  pages     = {619--632},
  publisher = {Taylor \& Francis},
}

@Article{Shibata1980,
  author    = {Shibata, Ritei},
  title     = {Asymptotically efficient selection of the order of the model for estimating parameters of a linear process},
  journal   = {The Annals of Statistics},
  year      = {1980},
  pages     = {147--164},
  publisher = {JSTOR},
}

@Article{Hurvich1991,
  author    = {Hurvich, Clifford M and Tsai, Chih-Ling},
  title     = {Bias of the corrected {AIC} criterion for underfitted regression and time series models},
  journal   = {Biometrika},
  year      = {1991},
  volume    = {78},
  number    = {3},
  pages     = {499--509},
  publisher = {Oxford University Press},
}

@Article{Stein1981,
  author    = {Stein, Charles M},
  title     = {Estimation of the mean of a multivariate normal distribution},
  journal   = {The annals of Statistics},
  year      = {1981},
  pages     = {1135--1151},
  publisher = {JSTOR},
}

@Article{Shen2002,
  author    = {Shen, Xiaotong and Ye, Jianming},
  title     = {Adaptive model selection},
  journal   = {Journal of the American Statistical Association},
  year      = {2002},
  volume    = {97},
  number    = {457},
  pages     = {210--221},
  publisher = {Taylor \& Francis},
}

@Article{Shen2004,
  author    = {Shen, Xiaotong and Huang, Hsin-Cheng and Ye, Jimmy},
  title     = {Adaptive model selection and assessment for exponential family distributions},
  journal   = {Technometrics},
  year      = {2004},
  volume    = {46},
  number    = {3},
  pages     = {306--317},
  publisher = {Taylor \& Francis},
}

@Article{Hansen2014,
  author  = {Hansen, Niels Richard and Sokol, Alexander},
  title   = {Degrees of freedom for nonlinear least squares estimation},
  journal = {arXiv preprint arXiv:1402.2997},
  year    = {2014},
}

@Article{Nadarajah2008,
  author    = {Nadarajah, Saralees},
  title     = {Explicit expressions for moments of order statistics},
  journal   = {Statistics \& Probability Letters},
  year      = {2008},
  volume    = {78},
  number    = {2},
  pages     = {196--205},
  publisher = {Elsevier},
}

@Article{Fujikoshi1997,
  author    = {Fujikoshi, Yasunori and Satoh, Kenichi},
  title     = {Modified AIC and Cp in multivariate linear regression},
  journal   = {Biometrika},
  year      = {1997},
  volume    = {84},
  number    = {3},
  pages     = {707--716},
  publisher = {Oxford University Press},
}

@Article{Gilmour1996,
  author    = {Gilmour, Steven G},
  title     = {The interpretation of Mallows's C\_p-statistic},
  journal   = {The Statistician},
  year      = {1996},
  pages     = {49--56},
  publisher = {JSTOR},
}

@InProceedings{Akaike1973,
  author    = {Akaike, Hirotogu},
  title     = {Information theory and an extension of the maximum likelihood principle},
  booktitle = {2nd International Symposium on Information Theory},
  year      = {1973},
  editor    = {BN Petrov; F Csaki},
  pages     = {267-281},
  address   = {Budapest, Hungary},
  publisher = {Akadémiai Kiadó},
}

@Article{Liao2018,
  author    = {Liao, JG and Cavanaugh, Joseph E and McMurry, Timothy L},
  title     = {Extending {AIC} to best subset regression},
  journal   = {Computational Statistics},
  year      = {2018},
  volume    = {33},
  number    = {2},
  pages     = {787--806},
  publisher = {Springer},
}

@Article{Csorgo1991,
  author    = {Csorgo, Sandor and Haeusler, Erich and Mason, David M},
  title     = {The asymptotic distribution of extreme sums},
  journal   = {The Annals of Probability},
  year      = {1991},
  volume    = {19(2)},
  pages     = {783--811},
  publisher = {JSTOR},
}

@Book{Embrechts2013,
  title     = {Modelling Extremal Events: for Insurance and Finance},
  publisher = {Springer Science \& Business Media},
  year      = {2013},
  author    = {Embrechts, Paul and Kl{\"u}ppelberg, Claudia and Mikosch, Thomas},
  volume    = {33},
  address   = {Berlin},
}

@Article{Fung2017,
  author    = {Fung, Thomas and Seneta, Eugene},
  title     = {Quantile function expansion using regularly varying functions},
  journal   = {Methodology and Computing in Applied Probability},
  year      = {2017},
  volume    = {20(4)},
  pages     = {1091-1103},
  publisher = {Springer},
}

@Article{Tibshirani2015,
  author    = {Tibshirani, Ryan J},
  title     = {Degrees of freedom and model search},
  journal   = {Statistica Sinica},
  year      = {2015},
  pages     = {1265--1296},
  publisher = {JSTOR},
}

@Book{Golub2012a,
  author    = {Golub, Gene H and Van Loan, Charles F},
  publisher = {JHU Press},
  title     = {Matrix computations},
  year      = {2012},
  volume    = {3},
  groups    = {[haha0542:]},
}

@Article{Harris2016,
  author  = {Harris, Xiaoying Tian},
  journal = {arXiv preprint arXiv:1610.06107},
  title   = {Prediction error after model search},
  year    = {2016},
  groups  = {haha0542:6},
}

@Article{zou2005regularization,
  author    = {Zou, Hui and Hastie, Trevor},
  title     = {Regularization and variable selection via the elastic net},
  journal   = {Journal of the Royal Statistical Society: Series B (Statistical Methodology)},
  year      = {2005},
  volume    = {67},
  number    = {2},
  pages     = {301--320},
  publisher = {Wiley Online Library},
}

@Book{konishi2008information,
  title     = {Information Criteria and Statistical Modeling},
  publisher = {Springer Science \& Business Media},
  year      = {2008},
  author    = {Konishi, Sadanori and Kitagawa, Genshiro},
  address   = {Berlin},
}

@Article{schwarz1978estimating,
  author    = {Schwarz, Gideon},
  title     = {Estimating the dimension of a model},
  journal   = {The Annals of Statistics},
  year      = {1978},
  volume    = {6},
  number    = {2},
  pages     = {461--464},
  publisher = {Institute of Mathematical Statistics},
}

@Manual{RCT2018,
  title        = {R: A Language and Environment for Statistical Computing},
  author       = {{R Core Team}},
  organization = {R Foundation for Statistical Computing},
  address      = {Vienna, Austria},
  year         = {2018},
  url          = {https://www.R-project.org/},
}

@Article{hammarling2008updating,
  author    = {Hammarling, Sven and Lucas, Craig},
  title     = {Updating the QR factorization and the least squares problem},
  year      = {2008},
  issn      = {1749-9097},
  note      = {MIMS EPrint: 2008.111, reports available from http://eprints.maths.manchester.ac.uk/},
  publisher = {Manchester Institute for Mathematical Sciences, University of Manchester},
}

@Article{cortez2007data,
  author  = {Cortez, Paulo and Morais, A.},
  title   = {A data mining approach to predict forest fires using meteorological data. {In J. Neves, M. F. Santos and J. Machado Eds.}},
  journal = {New Trends in Artificial Intelligence, Proceedings of the 13th EPIA 2007 - Portuguese Conference on Artificial Intelligence},
  year    = {2007},
  pages   = {512-523},
  address = {Guimarães, Portugal},
}

@Manual{Meinshausen2012,
  title  = {relaxo: Relaxed Lasso},
  author = {Nicolai Meinshausen},
  year   = {2012},
  note   = {R package version 0.1-2},
  url    = {https://CRAN.R-project.org/package=relaxo},
}

@Article{reid2016study,
  author    = {Reid, Stephen and Tibshirani, Robert and Friedman, Jerome},
  title     = {A study of error variance estimation in lasso regression},
  journal   = {Statistica Sinica},
  year      = {2016},
  pages     = {35--67},
  publisher = {JSTOR},
}

@Comment{jabref-meta: databaseType:bibtex;}

@Comment{jabref-meta: grouping:
0 AllEntriesGroup:;
1 StaticGroup:Markings\;2\;1\;\;\;\;;
2 StaticGroup:[haha0542:]\;2\;1\;\;\;\;;
2 StaticGroup:haha0542:6\;2\;1\;\;\;\;;
}
